1248 2262
403 177 735 248 strrs]
940 209 1004 265 91

124 300 174 350 in
198 298 428 366 aliquibus
453 297 642 366 quidem
668 296 816 345 statim
842 295 1013 346 cessan·

125 389 240 432 tem,
266 377 313 424 in
332 374 567 425 nonnullis
586 373 735 421 multo
754 370 907 421 serius·
950 371 1015 421 Et

127 467 295 517 corpus
325 449 515 519 quidem
547 449 769 504 exterius,
807 448 1016 512 tangenti

125 544 219 575 non
234 541 332 574 erat
345 523 593 575 admodum
614 522 836 579 calidum,
858 534 1015 589 neque

125 601 367 668 pallidum,
390 600 466 649 sed
485 598 778 655 subrubrum,
798 597 1013 655 lividum,

126 677 278 743 parvis
298 675 489 742 pustulis
503 687 550 723 et
564 672 797 722 ulceribus
812 672 1014 721 efflores-

126 767 252 800 cens.
291 751 520 800 Interiora
535 765 649 797 vero
660 749 722 796 ita
740 747 1013 813 flagrabant,

125 839 179 875 ut
202 842 357 892 neque
383 822 741 875 tenuiffimorum
766 823 1015 872 vestimen-

126 915 300 957 torum,
346 914 426 950 aut
461 900 715 949 linteorum
750 899 1015 964 injeffiones

126 975 416 1034 sustinerent,
448 991 603 1042 neque
628 972 754 1023 aliud
778 975 1017 1042 quippiam

124 1064 307 1117 praeter
317 1048 354 1077 ⁴⁵
365 1049 646 1100 nuditatem:
665 1061 713 1097 et
725 1049 1016 1098 libentissime

125 1126 174 1174 in
194 1141 335 1192 aquas
356 1123 529 1191 gelidas
551 1122 595 1171 se
615 1123 910 1186 conjicerent.
950 1124 1016 1171 Et

125 1201 260 1249 multi
273 1217 453 1256 eorum,
465 1200 545 1265 qui
558 1197 751 1264 neglefti
765 1211 911 1255 erant,
923 1199 1016 1247 hoc

126 1274 275 1341 ipsum
295 1276 432 1343 etiarn
452 1273 684 1330 fecerunt,
708 1287 756 1321 et
780 1273 827 1322 in
847 1287 1016 1340 puteos

125 1349 170 1399 se
190 1349 471 1415 dejecerunt,
503 1350 568 1396 fiti
587 1347 820 1396 insedabili
845 1346 1015 1398 obseffi.

123 1424 188 1473 Et
200 1425 368 1490 largior
381 1438 517 1492 potus
530 1422 723 1490 perinde
736 1436 836 1471 erat
850 1440 902 1471 ae
918 1440 1015 1489 par·

125 1500 236 1548 cior.
267 1499 329 1547 Et
341 1500 547 1565 corporis
559 1498 758 1554 vexatio,
781 1514 902 1563 quae
916 1499 1012 1564 qui·

124 1571 306 1623 escendi
319 1572 585 1622 facultatem
596 1570 843 1629 adimebat,
856 1586 902 1621 et
915 1589 1014 1638 per·

126 1661 294 1716 petuae
312 1648 496 1714 vigiliae
517 1663 596 1697 eos
615 1646 857 1713 urgebant.
896 1647 1014 1696 Cor-

126 1740 215 1790 pus
235 1724 372 1772 etiam
392 1723 556 1789 ipsum,
575 1721 799 1789 quamdiu
823 1722 1015 1771 morbus

126 1798 422 1863 vigebat,non
434 1798 680 1864 languebat
690 1789 819 1846 :⁴⁶sed
831 1810 1019 1864 praeter

126 1890 313 1924 ornnem
344 1874 586 1925 hominum
614 1872 879 1943 opinionem
902 1887 1020 1922 cru·

524 1947 612 2003 12
