1248 2262
242 150 315 205 72
485 119 688 182 PER:
713 142 894 180 ems

233 254 342 288 ,trae
375 239 422 285 in
456 235 594 284 rebus
616 231 832 299 gerendis
857 228 1128 284 fortitudini,

244 311 538 363 confidimus.
558 336 561 338 v
573 309 732 374 Atque
745 309 794 355 in
806 305 1068 372 disciplinis,
1083 305 1130 356 hi

232 379 436 456 quidem
451 382 807 434 Lacedaemonii
818 382 962 429 statim
976 381 1031 428 ab
1042 382 1133 431 ine·

233 478 358 513 ,unte
384 475 533 510 aetate
557 473 776 508 virtutem
806 469 1133 506 exercitatione

247 536 467 588 laboriosa
501 535 828 583 consestantur.
867 532 972 581 Nos
1008 547 1131 589 vero,

236 613 461 680 ,quamvis
486 610 662 658 remisso
689 609 810 656 vitae
837 623 1007 671 genere
1033 618 1133 653 uta-

236 706 370 743 -mur,
393 686 536 735 nihilo
551 699 702 732 tamen
719 682 879 736 secius,
895 680 1042 735 acilii,
1065 697 1133 727 ae-

247 763 400 830 qualia
415 759 618 827 pericula
633 757 849 806 subimus.
888 755 1046 818 Hujus
1061 772 1135 802 au·

250 853 346 887 tem
367 838 432 885 rei
452 836 540 883 hoc
561 835 625 882 est
646 844 982 897 argumentum.
1031 829 1135 877 Ne-

250 931 344 980 que
366 912 487 960 enim
503 907 858 958 Lacedaemonii
880 923 960 971 per
980 903 1040 959 se,
1052 902 1138 952 sed

250 1006 359 1037 cum
380 985 593 1035 omnibus
619 977 823 1031 auxiliis¹
833 978 1062 1029 ³nostrum
1088 997 1134 1025 a·

251 1081 386 1129 grum
410 1058 647 1108 invadunt.
688 1057 794 1103 Nos
814 1071 942 1110 vero,
959 1053 1048 1101 {ine
1061 1071 1136 1101 ex-

237 1138 392 1186 -ternis
412 1134 592 1184 auxiliis
615 1132 806 1180 aliorum
828 1145 987 1194 agrum
1009 1129 1136 1176 inva-

240 1212 434 1266 -dentes,
450 1210 495 1256 in
511 1208 660 1256 alieno
675 1223 780 1253 cum
797 1205 866 1262 iis,
887 1204 966 1269 qui
982 1220 1065 1269 pro
1077 1202 1137 1251 la·

253 1288 378 1336 ribus
399 1283 486 1332 suis
506 1281 759 1335 decertant,
784 1278 966 1327 bellum·
980 1295 1136 1341 geren-

241 1376 341 1423 tes,
381 1359 614 1409 νίἐὶοτὶειηι
654 1355 927 1421 plerumque
959 1352 1136 1402 obtine-

243 1453 372 1484 mus.
413 1435 522 1481 Nec
536 1431 657 1479 ullus
671 1430 808 1477 hostis
823 1429 868 1475 in
883 1427 1052 1476 nostras
1067 1445 1137 1476 co·

255 1513 349 1577 pias
362 1506 630 1574 frequentes
641 1503 791 1551 adhue
805 1501 980 1557 incidit,
993 1502 1019 1549 si
1026 1502 1136 1562 mul,

242 1602 362 1634 -cum
383 1595 569 1649 propter
588 1580 791 1628 nostrum
813 1594 963 1626 rerum
987 1578 1136 1625 nauti-

220 1687 223 1689 ·
254 1675 411 1708 carum
433 1655 648 1711 studium,
671 1668 767 1702 tum
791 1653 926 1700 e'tiam
949 1666 1135 1717 propter

255 1735 427 1800 copias,
451 1748 585 1796 quas,
610 1747 668 1777 ex
689 1728 942 1777 nostrorum
965 1727 1134 1778 civium

254 1823 302 1859 et
322 1806 621 1872 subjestorum
642 1820 833 1854 numero
847 1801 1071 1856 collectaS,
1089 1800 1136 1848 in
