1248 2262
246 162 322 223 94
529 143 850 205 Pssrrss.

243 255 327 314 est,
349 254 478 322 quod
489 254 747 322 hujusmodi
760 257 917 324 avium
930 259 1130 311 manifes-

246 345 322 382 tus
345 331 433 382 fuit
451 331 682 393 defe&us;
703 350 792 382 nec
816 333 988 400 uspiam
1007 336 1132 395 alibi,

244 424 333 458 nec
354 409 530 458 circum
554 408 647 457 ulla
671 408 927 473 hujusmodi
946 410 1135 462 cadave-

244 501 295 535 ra
316 484 591 534 visebantur.
632 484 784 533 Canes
800 502 928 543 vero,
944 502 1132 555 propter

244 558 638 621 consuetudinem,
662 577 802 626 quam
815 578 923 610 cum
937 562 1134 611 homini-

245 633 332 683 bus
346 635 592 690 habebant,
615 637 832 698 majorem
846 651 1042 686 eventus
1056 639 1133 705 fig-

244 707 560 758 nificationern
573 709 765 773 dabant.

317 783 419 831 Hic
444 785 583 850 igitur
610 786 798 834 morbus
823 786 900 850 (ut
922 786 1130 837 omittam

242 858 390 907 multa
410 859 497 908 alia
518 862 753 909 inusitatae
776 862 1026 910 atrocitatis
1050 880 1131 928 ge·

242 950 370 990 nera,
396 949 534 1000 prout
554 936 806 1002 unicuique
824 935 999 1003 aliquid
1018 939 1134 986 acei-

242 1006 383 1056 debat
408 1007 637 1058 diversum
661 1011 718 1058 ab
743 1028 816 1066 eo,
850 1011 976 1076 quod
1001 1011 1132 1062 alteri

244 1082 583 1147 contingebam)
600 1087 636 1113 50
646 1085 834 1132 omnino
859 1085 1006 1152 specie
1030 1087 1134 1136 talis

241 1154 347 1205 fuit.
386 1157 449 1218 Et
462 1163 580 1206 ‘tunc
601 1160 821 1225 temporis
840 1159 995 1208 nullus
1015 1161 1133 1211 alius

239 1232 432 1280 morbus
467 1250 527 1280 ex
560 1231 788 1282 consuetis
827 1233 1131 1286 Athenienses

239 1304 500 1367 infestabat;
523 1307 650 1373 quod
675 1308 704 1355 fi
729 1309 832 1374 quis
851 1310 1130 1369 exoriretur,

239 1381 289 1430 in
303 1381 428 1430 hunc
442 1381 683 1431 definebat.
715 1382 1042 1434 Moriebantur
1055 1404 1133 1436 au-

241 1469 355 1511 tem,
377 1457 454 1504 alii
473 1458 666 1513 incuria,
691 1459 765 1505 alii
786 1476 916 1517 vero,
938 1460 1016 1508 vel
1035 1459 1131 1510 dili-

240 1529 493 1596 gentiffime
513 1532 675 1580 curati.
713 1532 824 1581 Nee
845 1533 993 1583 ullum
1009 1551 1130 1601 pror-

239 1605 312 1654 sus
328 1604 602 1662 remedium,
629 1620 679 1655 ut
693 1607 753 1655 ita
766 1607 946 1674 loquar,
971 1626 1129 1675 reper-

241 1695 341 1729 tum
361 1680 442 1737 est,
463 1680 590 1747 quod
610 1681 862 1731 adhibitum
884 1683 1126 1750 prodesset.

241 1754 388 1818 Quod
401 1757 523 1804 enim
539 1756 668 1805 alteri
684 1755 934 1824 profuerat,
960 1761 1049 1808 hoc
1065 1761 1075 1807 i
1079 1778 1128 1827 p·

242 1827 340 1882 sum
354 1830 484 1883 alteri
499 1832 717 1883 nocebat:
735 1833 1010 1904 nullumque
1024 1851 1127 1886 cor·
