1248 2262
259 147 331 220 64
503 144 952 222 PER1C1j1s-

253 258 478 310 cadavera
492 259 612 307 inter
625 258 712 307 alia
732 258 968 307 caesorum
987 275 1144 328 corpo-

253 340 303 386 r'a
337 335 527 402 reperiri
563 334 816 406 suscipique
851 351 944 383 non
979 342 1143 402 potue-

253 425 378 461 runt.
417 411 631 475 Quilibet
655 418 811 459 autem
832 424 924 459 tarn
953 409 1011 460 de
1031 411 1144 461 civi-

251 488 360 543 bus,
385 504 526 554 quam
541 487 599 538 de
616 487 868 554 peregrinis
882 484 1023 537 funus
1037 505 1144 554 pro-

251 562 484 630 sequitur:
509 577 556 611 et
577 562 811 619 mulieres,
833 580 952 628 quae
969 580 1076 611 cum
1091 563 1145 611 il-

250 638 307 688 lis
328 639 682 704 propinquitatis
703 639 892 687 vinculo
914 637 1014 686 sunt
1034 655 1145 687 con-

242 715 446 779 jtln&ae,
472 713 530 762 ad
552 713 844 779 sepulchrum
867 712 1027 762 adsunt
1048 715 1145 778 eju-

248 789 414 839 lantes.
466 788 603 838 Haec
619 803 772 838 autem
789 789 834 836 in
851 789 1038 855 publico
1052 806 1145 839 mo-

253 877 479 914 numento
499 863 726 921 condunt,
748 863 876 931 quod
897 865 962 912 est
981 866 1027 913 in
1050 863 1147 930 pul-

252 942 492 989 cherrimis
526 941 651 989 urbis
685 938 958 990 su=burbiiS.²
982 941 1146 1005 (atque

253 1017 328 1064 hic
345 1015 521 1081 semper
535 1015 761 1081 sepeliunt
777 1032 874 1071 eOS,
895 1016 976 1081 qui
991 1016 1038 1063 in
1055 1015 1147 1063 bel-

251 1091 298 1139 lo
321 1090 591 1140 ceciderunt
605 1111 617 1150 ;
638 1091 726 1152 illis
748 1091 970 1156 exceptis,
994 1091 1076 1156 qui
1097 1090 1147 1139 in

250 1168 424 1232 campis
444 1166 757 1215 Marathoniis
777 1166 1016 1214 obierunt:
1039 1182 1146 1214 nam

248 1258 358 1290 cum
379 1238 565 1290 illorum
581 1242 802 1290 virtutem
822 1241 1041 1306 insignem
1057 1240 1146 1290 effe

243 1315 535 1383 judicassent,
556 1318 604 1365 in
624 1316 704 1378 illo
724 1314 820 1382 ipso
840 1316 961 1372 loco,
985 1317 1031 1364 in
1045 1334 1146 1383 quo

249 1391 539 1447 ceciderunt,
561 1391 855 1457 sepulchrum
873 1392 1010 1440 etiam
1026 1389 1145 1440 fece-

248 1467 397 1532 runt.)
438 1466 686 1533 Postquam
708 1480 863 1516 autem
885 1483 964 1515 eos
986 1467 1143 1515 huma-

247 1557 375 1599 rum,
396 1542 467 1591 vir
489 1542 652 1608 aliquis
674 1541 730 1589 ab
752 1541 841 1607 ipsa
859 1542 1047 1590 civitate
1068 1542 1143 1591 de·

246 1618 410 1674 leitus,
432 1618 576 1684 quiet
591 1616 834 1684 prudentia
851 1630 898 1664 et
918 1616 1141 1683 dignitate

247 1695 441 1742 caeteris
464 1694 689 1760 praestare
714 1692 943 1749 videatur,
970 1694 1140 1743 oratio·

246 1786 354 1818 nem
387 1770 573 1818 illorum
604 1767 817 1819 laudibus
855 1769 1137 1818 convenien-

247 1858 344 1896 tem
363 1843 497 1912 super
517 1845 617 1912 ipsis
637 1845 792 1896 habet.
830 1843 989 1895 Postea
1003 1846 1135 1894 ver0³
