1248 2262
332 175 750 237 ''Pnsrxa
947 182 1021 254 87

143 362 181 402 3⁷
312 361 425 422 UJu
436 377 610 411 suom
630 361 770 426 igitur
783 359 924 412 funus
938 363 1026 414 hae

331 439 502 501 hyeme
522 434 691 485 factum
709 437 788 487 est.
823 438 932 488 Hac
953 457 1029 489 au·

141 527 239 562 tem
254 515 406 563 exae'ta
422 513 595 579 primus
607 513 742 576 hujus
756 512 866 562 belli
880 531 1028 564 annus

142 589 210 637 est
222 587 468 638 absolutus.
506 586 692 636 Aestate
714 602 867 637 autem
881 589 1029 639 statim

140 663 360 720 ineunte,
397 662 731 727 Peloponnesii,
771 668 1029 731 eorumque

141 736 251 790 socii
274 755 383 787 cum
409 736 589 786 duabus
619 739 856 804 copia-rum
887 740 1027 805 parti·

145 814 250 870 bus,
276 827 328 861 ut
351 826 398 861 et
420 825 545 870 ante,
567 814 614 861 in
634 814 837 861 Atticam
857 815 1029 881 irrupe-

147 901 270 949 runt,
289 886 619 953 (Archidamus
630 905 745 938 vero
760 889 1031 939 Zeuxidami

147 963 290 1020 filius,
333 962 810 1013 Lacedaemoniorum
849 981 948 1021 rex,
982 965 1029 1014 il·

145 1039 204 1088 lis
216 1039 465 1105 praeerat,)
478 1038 721 1104 castrisque
740 1040 786 1086 in
806 1056 859 1087 ea
882 1040 1031 1105 pofitis

146 1131 307 1178 agrum
318 1110 812 1178 vastabantss⁸cumque
824 1113 1032 1163 nondum

145 1188 320 1237 multos
345 1186 443 1236 dies
466 1189 513 1236 in
546 1205 655 1252 agro
680 1187 839 1237 Attico
863 1188 1032 1238 mansii:

142 1264 266 1319 sent,
293 1263 480 1312 morbus
502 1261 807 1311 Athenienses
832 1263 1031 1329 primum

146 1337 336 1404 aggredi
355 1338 528 1405 coepit:
562 1355 827 1403 quanquam
853 1351 900 1385 et
925 1354 1033 1388 ante

146 1431 260 1463 curn
278 1414 325 1460 in
346 1413 513 1461 multas
533 1413 742 1477 regiones
762 1413 957 1461 invasisse
972 1412 1035 1462 fe·

143 1488 357 1543 «rebatur,
380 1501 476 1535 tum
497 1488 633 1535 etiam
653 1487 698 1534 in
714 1486 965 1545 Lemnum,
987 1504 1034 1537 et

133 1564 240 1612 'alia
265 1563 392 1621 loca;
418 1575 719 1611 veruntamen
739 1579 893 1627 neque
912 1577 1037 1612 tanta

152 1637 427 1705 pestilentia,
452 1653 603 1701 neque
625 1649 693 1684 tot
711 1637 949 1692 hominurn
973 1639 1038 1686 in·

157 1714 318 1760 teritus
337 1710 506 1776 uspiam
533 1710 735 1759 accidisse
760 1712 1036 1761 memoraba·

154 1800 255 1836 tur:
280 1803 365 1833 nec
387 1786 507 1833 enim
529 1784 694 1833 medici
716 1799 902 1852 propter
922 1805 1038 1835 mor-

146 1862 206 1912 ,bi
231 1861 530 1926 ignorantiam
559 1861 687 1909 initio
713 1862 909 1927 aegrotis
939 1878 1038 1911 me-
