1248 2262
289 174 532 231 ΟιιΔτ.
571 159 848 228 Funus}
939 187 1016 244 77

125 254 609 352 dignationemffm
627 281 1016 371 quafifladesac

124 361 298 427 cipiant
315 379 342 410 a
361 361 565 418 civitate,
576 377 701 427 qme
718 361 946 410 minorem
965 374 1017 412 et

126 437 380 503 potentiam
393 450 442 486 et
454 435 722 502 dignitatem
734 436 924 498 haban
938 455 1015 488 ne·

126 527 222 578 que
253 512 436 579 populis
462 511 667 576 subjeffls
695 511 1014 578 conquerendi

37 645 43 648 ,
124 588 365 636 maneriam
380 587 586 654 praebet,
609 589 734 654 quast
749 588 857 637 viris
869 589 1016 655 impe·

126 662 199 710 rio
209 660 406 727 indignis
418 676 620 729 pareant.
652 662 844 728 Magnis
855 676 1015 715 autem

124 738 350 803 exemplis
398 739 647 805 potentiam
696 738 1015 803 relinquentes

123 813 446 870 contestatam,
474 826 523 862 et
541 813 718 861 nostrae
740 814 902 862 aetatis
929 814 1016 863 ho-

124 887 344 945 minibus,
364 902 413 936 et
426 888 615 955 posteris
629 886 917 938 admirationi
929 889 1016 939 eri·

122 978 252 1023 mus;
278 964 341 1010 ita
359 977 413 1011 ut
432 981 520 1012 nee
540 962 810 1013 Homerum
830 981 1016 1030 praeco·

123 1049 235 1086 uem
258 1038 392 1086 fimus
417 1037 730 1094 defideraturi,
762 1055 852 1088 nee
869 1040 1016 1091 alium

121 1113 404 1179 quempiam,
426 1115 508 1179 qui
529 1113 619 1162 suis
636 1112 828 1178 quidem
846 1115 1013 1163 carmi·

121 1187 260 1237 nibus
272 1187 448 1236 a'nimos
458 1189 505 1236 in
514 1187 764 1254 praesentia
774 1187 1015 1239 demulce·

120 1276 188 1319 at,
203 1263 236 1287 ²¹
253 1280 408 1311 rerum
422 1280 535 1312 vero
545 1263 772 1329 gestarum
791 1265 1013 1330 opinione

35 1364 37 1368 .
69 1395 76 1397 ,
121 1337 366 1386 vet-intem
387 1337 563 1387 laedat:
595 1339 770 1403 quippe
805 1340 889 1405 qui
916 1353 1011 1388 ter·

122 1429 221 1460 ram
232 1413 407 1479 ubique
418 1427 560 1480 atque
573 1430 698 1462 mare
711 1414 863 1462 nostra
875 1413 1014 1463 auda·

123 1488 195 1535 cia
218 1486 348 1536 nobis
372 1490 531 1554 pervia
557 1488 644 1536 efle
667 1490 926 1555 coegimus3
961 1505 1012 1538 et

123 1561 369 1617 malorum,
401 1563 571 1628 quibus
593 1562 761 1619 hostes,
794 1577 841 1611 et
864 1563 1011 1612 bono·

124 1653 248 1692 rum,
262 1636 431 1703 quibus
444 1638 615 1686 amicos
627 1635 880 1695 affecimus,
894 1638 1012 1687 sem-

123 1711 304 1778 piterna
323 1727 619 1760 monumenta
642 1714 848 1780 plurimis
869 1715 917 1763 in
937 1714 1011 1762 lo·

124 1786 191 1842 cis
206 1787 453 1836 ereximus.
490 1785 587 1836 Pro
602 1788 682 1837 tali
695 1789 835 1854 igitur
847 1789 1010 1838 civita·

127 1873 175 1909 te
205 1875 254 1912 et
282 1861 367 1926 isti,
397 1860 526 1930 quod
549 1862 595 1912 se
622 1864 710 1913 hac
738 1864 907 1931 privari
929 1863 1008 1913 ini·
