1248 2262
424 181 525 239 Pr
545 200 570 239 s
592 198 631 237 τ
651 198 671 236 1
691 199 737 237 s.
951 198 1023 257 99

137 290 229 343 fuit
248 289 451 351 initium3
482 287 665 339 facilius
683 289 806 340 enim
830 288 1029 357 quilibet

140 366 341 417 audebat
371 365 521 433 palam
547 362 716 426 facere,
746 381 868 431 quae
900 368 1031 432 prius

139 441 319 511 pudore
331 440 580 509 impeditus
591 441 876 499 occultabat,
899 441 961 490 ita
976 456 1031 493 ut

140 594 388 642 maximam
398 608 451 640 ac
463 594 749 658 repentinam
763 608 919 641 rerum
934 610 1032 643 mu·

141 668 362 716 tationem
378 666 478 716 fieri
491 665 727 715 viderent:
757 680 806 714 et
819 667 1031 719 homines

140 741 334 809 quidem
359 739 631 801 lbrtunatos,
663 756 856 808 repente
888 744 1032 806 mori3

140 817 247 866 illos
279 835 409 875 vero,
449 816 531 882 qui
566 816 682 865 nihil
710 831 817 866 ante
838 816 1033 884 poffide·

143 891 274 949 bant,
295 893 441 942 statim
461 891 646 949 illorum
666 892 786 941 bona
809 891 1035 959 poffidere

143 967 578 1034 animadverterent.
620 967 789 1035 Itaque
802 967 933 1018 bonis
946 968 1036 1018 illis

145 1043 360 1093 celeriter
380 1040 732 1110 perfruendum,
750 1041 1037 1110 operamque

146 1117 462 1183 voluptatibus
515 1114 714 1163 dandam
761 1117 1035 1182 censebant,

147 1190 275 1258 quod
296 1193 465 1259 pariter
477 1205 524 1239 et
536 1207 729 1257 corpora
742 1205 790 1239 et
803 1190 1036 1241 bona-mo.

87 1277 89 1279 ’
148 1279 394 1316 mentanea
413 1280 460 1315 et
483 1267 531 1314 in
549 1264 672 1313 diem
695 1278 874 1314 tantum
896 1265 1035 1316 dura.

150 1355 252 1390 tura
272 1342 360 1390 esse
380 1341 703 1389 existimarent.
737 1341 1039 1407 Nemoquess

121 1439 130 1443 ·
152 1430 363 1484 promtus
383 1431 480 1464 erat
501 1414 558 1463 ad
579 1415 755 1463 labores
774 1415 1039 1465 tolerandos

152 1491 221 1539 rei
232 1491 362 1539 causa
373 1507 495 1556 quae
508 1491 695 1538 honesta
707 1489 959 1548 videretur,
974 1492 1039 1540 in-

153 1580 333 1614 certum
351 1566 612 1613 existimans
632 1581 688 1611 an
708 1565 814 1613 effet
834 1566 1042 1615 interitu·

157 1656 234 1690 rus
254 1640 512 1706 priusquam
534 1638 591 1686 ad
611 1638 736 1687 illam
756 1641 1040 1706 perveniret,

158 1732 354 1780 eamque
384 1714 721 1780 adipisceretur.
778 1713 928 1778 Qod
958 1732 1042 1765 au-

158 1804 255 1837 tem
276 1788 581 1855 unusquisque
592 1787 871 1853 jucundum,
894 1803 943 1838 et
961 1807 1043 1839 un·

158 1863 303 1933 dique
327 1865 405 1918 fibi
431 1864 751 1933 quaestuosum
781 1862 881 1915 fore
903 1879 1044 1917 nove·
