1248 2262
295 147 528 199 ORAT.
586 145 869 202 Fuunn.
961 146 1030 217 67

148 266 271 305 rum,
290 267 411 316 quae
430 249 620 310 audivit,
638 248 792 300 facere
811 251 933 317 posse
951 268 1031 317 pu·

149 337 229 372 tat.
272 325 366 394 Sec}
395 343 543 391 quum
574 324 805 375 auditores
837 325 1031 391 exsupe-

149 400 322 448 rantiae
348 401 530 449 virtutis
561 399 760 466 ipsorum
790 399 1031 450 defunfio-

149 491 251 523 rum
275 470 501 531 invident,
533 489 645 524 tunc
667 494 781 524 vero
811 494 903 525 non
927 493 1028 526 cre·

146 548 282 606 dunt,
302 567 423 616 quae
441 548 501 598 de
521 550 608 598 illis
622 549 855 599 dicuntur.
897 552 1032 617 Qo·

146 624 268 673 niam
308 637 464 673 autem
505 625 698 687 majores
737 625 873 673 nostri
890 674 895 678 ,
914 626 1029 676 haee

146 698 380 764 praeclare
400 698 444 748 se
462 699 632 748 habere
645 699 936 760 censuerunt,
950 707 967 726 ⁴⁸
983 718 1031 750 o·

146 787 299 839 portet
321 791 396 823 me
427 790 616 839 quoque
643 774 735 839 legi
767 775 875 823 huic
906 774 1029 825 obse·

144 861 365 913 quentem
379 865 567 914 operam
582 847 706 909 dare,
722 864 923 915 utquam
941 867 1030 901 ma·

145 923 268 971 xime
285 937 444 989 potero
458 922 811 990 uniuscujusque
826 924 1029 977 vestrum.

145 996 372 1047 voluntati
383 1015 437 1049 ae
449 999 655 1065 opinioni
668 997 950 1049 satisfaciam.

224 1071 416 1121 Initium
440 1087 594 1121 autem
618 1091 645 1120 a
669 1074 912 1138 majoribus
938 1073 1026 1125 du-

144 1163 261 1195 cam.
283 1146 502 1213 Aequum
518 1149 640 1197 enim
655 1149 736 1205 est,
750 1149 873 1197 fimul
888 1150 1027 1201 etiam

144 1219 385 1278 decorum,
419 1222 467 1270 in
498 1223 585 1272 hac
610 1222 873 1274 laudatione
898 1225 1025 1277 hunc

141 1296 365 1347 honorem
378 1299 826 1349 commemorationis
839 1299 939 1365 ipsis
953 1301 1026 1349 tri·

142 1369 236 1420 bui.
249 1372 375 1419 Nam
388 1373 621 1436 regionem
633 1373 758 1421 istam
770 1371 908 1421 iidem
917 1373 1026 1427 sem·

142 1461 227 1510 per
240 1445 510 1502 incolentes,
524 1446 871 1499 suceedentibus
881 1449 1025 1514 poste·

142 1518 265 1569 risad
276 1521 363 1569 hoe
375 1520 911 1587 usquetempusliberam
925 1524 936 1546 ’‘
946 1523 1024 1573 sua

141 1593 312 1645 virtute
326 1594 626 1646 tradiderunt.
652 1596 820 1663 Itaque
834 1614 940 1646 cum
957 1597 1024 1650 illi

140 1667 279 1717 laude
302 1667 403 1718 sunt
426 1669 571 1734 digni,
595 1684 694 1719 tum
718 1672 855 1720 etiam
880 1673 1023 1736 magis

140 1757 292 1809 patres
311 1744 476 1793 nostri:
498 1762 604 1797 nam
617 1761 724 1798 cum
739 1745 794 1794 ad
808 1763 880 1802 ea,
900 1763 1022 1812 quae

139 1834 166 1865 a
180 1819 424 1883 majoribus
437 1835 728 1886 acceperant,
742 1835 919 1875 tantum
935 1822 1018 1871 im-

525 1895 576 1943 G
612 1912 636 1944 2
