1248 2262
426 148 742 207 Psss‘rts.
953 173 1029 230 95

141 273 248 329 pun,
269 257 361 308 five
378 237 560 314 fitium,
580 257 670 309 five
689 254 900 311 infirmae
909 263 1034 315 vale·

140 322 324 385 tudIni?
338 334 466 392 ess’et,
498 335 611 399 tanti
640 336 749 386 mali
780 337 1031 391 violentiae

143 411 343 461 refistere
357 412 531 479 potuit·
548 393 664 460 ³¹sed
677 413 829 461 omnia
844 416 1033 481 pariter,

141 488 306 547 veken,
328 504 451 556 quae
463 487 590 536 omni
603 489 751 538 victus
764 490 942 540 udone
955 509 1034 543 cu·

141 563 380 620 rabantur,
392 563 669 630 corripiebat
680 580 735 613 ae
749 564 1033 620 absumebat.

140 637 270 688 Illud
293 656 409 688 vero
430 641 480 688 in
498 653 599 688 toto
617 643 708 689 hoc
728 641 853 690 malo
870 643 1034 707 gravii:

141 713 302 763 fimum
314 730 429 771 erat,
443 729 542 764 tum
555 715 703 783 quod,
716 716 844 764 fimul
859 734 912 765 ac
926 720 1032 785 quis

0 767 2 774 λ
49 801 58 807 ·
140 786 186 836 se
210 789 372 838 morbo
397 786 666 857 corrept&
692 790 900 848 senfiffet,
933 795 1033 842 ani-

140 880 219 912 mo
242 865 624 927 consternaretur,
648 862 818 926 (statim
838 868 963 916 enim
983 887 1033 918 a·

142 939 269 989 nimo
289 940 346 990 ad
366 942 520 991 salutis
541 941 907 1008 desperationem
925 961 1033 994 con·

142 1015 273 1071 verfi,
294 1018 444 1065 multo
464 1018 608 1081 magis
628 1016 672 1065 se
690 1017 808 1083 ipsos
828 1022 1036 1084 projicie-

141 1087 252 1137 bant
277 1105 332 1137 ac
362 1089 648 1157 deserebant,
682 1107 837 1156 neque
869 1096 1033 1144 morbo

86 1207 90 1211 ,
141 1163 442 1228 refistebant,)
461 1178 562 1216 rum
581 1165 738 1221 etiam,
751 1164 879 1231 quod
900 1185 1036 1237 prop-

143 1252 214 1287 ter
235 1239 343 1288 mali
366 1239 706 1305 contagionem,
740 1258 881 1306 quam
915 1243 1034 1293 alter

142 1330 204 1362 ex
222 1313 410 1364 alterius
428 1316 667 1364 curatione
693 1315 948 1374 hauriebat,
983 1337 1034 1368 a·

143 1381 234 1438 deo
253 1402 306 1437 ut
325 1408 385 1438 ex
406 1407 459 1438 ea
488 1390 776 1456 oppleretur,
811 1404 1031 1458 tanquam

144 1462 348 1531 pecudes
379 1478 688 1514 morerentur.
727 1466 889 1532 Atque
915 1469 1033 1517 haee

65 1557 70 1562 ·
143 1536 175 1586 s
169 1539 235 1587 uit
244 1541 489 1606 praecipua
500 1539 920 1606 maximae⁵²stragis
929 1559 1035 1593 cau·

146 1613 212 1674 sa;
250 1615 339 1662 five
372 1615 495 1664 enim
521 1615 763 1663 noluissent
787 1630 915 1665 metu
947 1617 1032 1667 de·

147 1689 294 1737 territi
307 1704 472 1738 mutuo
491 1689 535 1738 se
555 1689 754 1746 inviseri,
776 1690 941 1741 deserti
961 1695 1033 1742 in·

148 1763 363 1822 teribant,
387 1764 654 1832 multaeque
678 1763 877 1815 familiae
899 1785 1036 1836 prop·

148 1851 220 1891 ter
232 1840 433 1906 inopiam
444 1842 702 1902 hominum,
724 1842 807 1911 qui
819 1857 1035 1910 aegrotos
