1248 2262
268 158 341 227 76
513 158 918 215 PER1cL51s

260 269 493 321 neficium
505 286 607 319 -non
627 267 861 327 daturum,
877 267 953 319 sed
967 269 1158 322 remvde-

261 348 413 396 ‹bitam
429 344 783 413 persoluturum.
806 346 914 394 Nos
927 347 1064 396 etiam
1078 347 1157 400 soli

268 439 364 471 non
374 421 525 486 'magis
546 421 700 469 habita
719 421 934 487 quaestus
958 424 1153 483 ratione,

266 515 408 563 quam
428 494 846 545 crertdliberalitate
866 495 992 554 freti,
1019 497 1155 564 quof-

254 572 380 621 -libet
400 569 642 635 magnifice
654 573 887 636 juvamus.

335 647 503 711 'Atque
524 659 576 693 ut
597 663 694 694 rem
714 648 871 711 paucis
891 647 1149 712 expediam,

265 718 370 771 dico
398 734 445 768 et
479 733 621 768 totam
653 720 781 768 istam
806 722 1040 774 civitatem
1067 723 1153 771 effe

265 793 300 822 ¹⁹
306 796 532 845 Graeciae
550 795 823 860 magistram,
839 809 885 844 et
897 796 1151 862 fingulosve-
1192 838 1197 841 .

249 872 332 935 jus
352 872 495 927 cives,
516 884 657 934 atque
679 869 861 919 eosdem
882 872 1091 921 homines
1110 891 1150 920 a·

260 945 462 1012 pudvnos
483 946 595 994 mihi
615 944 758 994 videri
781 945 837 994 ad
858 947 1052 1013 plurima
1075 965 1148 996 re-

260 1038 365 1068 rum
385 1038 571 1085 genera,
595 1034 641 1067 et
655 1037 763 1067 cum
775 1021 969 1068 maxima
983 1023 1145 1085 gratia,

257 1096 551 1160 maximaque
579 1094 816 1143 venustate
840 1093 928 1143 sese
954 1095 1144 1145 idoneos

255 1169 494 1217 exhibere.
535 1168 679 1233 Quod
700 1183 854 1218 autem
868 1171 1000 1226 haec,
1023 1188 1142 1236 quae

252 1245 302 1292 'in
337 1243 587 1308 praesentia
616 1243 849 1301 dleuntur,
879 1262 971 1293 non
996 1247 1137 1310 magis

246 1318 898 1381 :verboruminanijaffikationffi
922 1337 1058 1385 quam
1077 1338 1140 1369 re·

254 1411 359 1441 rum
381 1394 574 1442 veritate
595 1393 814 1450 nitantur,
829 1396 940 1443 haec
963 1396 1141 1461 reipub-

241 1467 368 1517 ,licae
388 1468 607 1533 potentia,
630 1485 766 1531 quam
789 1470 858 1516 his
878 1470 1035 1518 studiis
1062 1487 1139 1535 pa-

254 1542 472 1598 ravimus,
497 1540 633 1590 facile
653 1541 835 1591 indicat.
887 1544 993 1592 Sola
1014 1546 1138 1592 enim

249 1618 457 1663 omnium
478 1634 651 1672 earum,
675 1634 794 1683 quae
807 1635 931 1666 nunc
945 1619 1136 1676 exstant,

240 1688 418 1738 famam
449 1690 680 1758 superam,
715 1690 822 1740 dato
854 1693 1137 1742 documento

247 1764 560 1828 cognoscitur3
584 1768 618 1788 ²⁰
647 1764 829 1832 solaque
851 1786 909 1816 ne
932 1769 1134 1815 hostibus

246 1839 437 1904 quidem
458 1842 534 1890 fibi
558 1840 730 1889 bellum
751 1840 1052 1892 inferentibus
1073 1844 1134 1891 in·
1207 1911 1216 1921 Ι
