1248 2262
246 181 316 255 98
527 178 573 234 P
593 198 625 237 ε
645 193 671 236 s·
690 193 730 237 τ
752 195 770 239 1
793 197 840 238 s.—

238 285 371 354 supra
384 287 572 339 mo‘dum'
587 300 798 357 urgente,
809 284 1018 342 homines
1030 306 1123 343 non

238 363 460 413 habentes
485 365 597 433 quid
621 381 834 432 agerent;
859 381 939 417 aut
965 385 1060 435 quo
1079 369 1124 418 se

238 453 491 503 verterent,
523 442 642 490 sacra
675 460 727 490 ac
762 441 949 510 profana
976 461 1126 510 aeque

237 516 472 581 negligere
494 531 749 584 coeperunt
758 539 769 579 ;
794 517 1042 584 omnesque
1066 519 1125 567 le-

235 607 317 655 ges
339 607 391 638 ae
413 592 546 648 ritus,
582 593 751 658 quibus
777 607 880 642 ante
901 595 945 642 in
974 593 1124 660 sepul-

237 678 339 713 tura
355 678 401 712 et
415 664 655 715 funeribus
671 668 933 728 utebantur,
955 669 1122 734 pariter

236 738 340 787 sunt
360 741 646 801 conturbati;
669 738 703 769 ⁵⁶
724 759 830 790 nam
844 742 1122 808 sepeliebant

235 814 357 872 suos,
373 829 423 863 ut
438 815 630 882 quisque
646 829 836 881 poterat.
864 817 1122 883 Multique,

234 903 424 957 propter
438 891 647 939 crebram
662 889 1014 940 domesticorum
1025 895 1122 957 jam

235 963 555 1015 defunstorum
570 967 780 1032 stragem,
806 984 959 1016 rerum
975 966 1033 1015 ad
1046 965 1122 1016 fu-

231 1057 321 1089 nus
334 1055 381 1089 et
393 1042 670 1106 sepulturam
686 1043 1032 1090 necessariarum
1046 1059 1122 1109 pe·

231 1115 384 1169 nuria,
423 1114 482 1162 ad
514 1113 798 1181 impudentia
836 1114 1042 1182 sepulcra
1073 1116 1128 1167 se·

231 1203 577 1238 converterunt.
615 1190 743 1238 Nam
764 1190 839 1240 alii
861 1190 1050 1258 quidem
1070 1192 1128 1241 in»

230 1265 404 1313 alienos
445 1281 596 1330 rogos,
637 1278 978 1316 antevertentes
1014 1266 1115 1316 illos

229 1341 312 1406 qui
356 1357 437 1388 eos
479 1340 823 1398 exstruxerant,
878 1355 1122 1390 mortuum*

228 1414 359 1463 suum
381 1414 692 1480 impone-bant,
719 1416 918 1483 igneque
941 1415 1116 1479 subjec-

226 1500 276 1537 to
295 1488 630 1537 accendebantz
664 1490 738 1537 alii
759 1507 889 1547 vero,
915 1489 1027 1539 dum
1047 1491 1113 1539 al-

225 1565 369 1612 terius
382 1563 579 1612 cadaver
601 1562 800 1620 arderet,
826 1563 905 1612 suo
923 1563 1114 1613 cadave-

226 1655 296 1694 re,
329 1638 455 1703 quod
485 1638 562 1702 ipfi
583 1636 810 1697 ferebant,
842 1631 1108 1706 superje&b,

228 1710 534 1761 discedebant.

308 1787 405 1836 Hic
425 1801 580 1837 autem
595 1789 782 1838 morbus
796 1789 892 1839 aliis
906 1791 1042 1839 etiam
1057 1791 1107 1840 in

221 1863 545 1914 rebusveivitati
561 1864 743 1930 majoris
758 1863 789 1892 ⁵⁷
802 1865 1103 1934 improbitatis
