1248 2262
255 151 326 207 82
494 146 888 207 Ρεκιαιιε

255 255 304 306 in
327 254 537 324 qualibet
561 269 718 305 rerum
739 254 820 305 vel
841 254 1140 308 dicendarum

254 333 334 382 vel
347 330 628 397 agendarum
641 332 894 388 occasione,
917 349 1039 399 quae
1051 333 1141 384 fisse

255 406 439 464 offeret,
459 421 686 474 perpetuo
709 400 984 456 celebranda
1002 408 1143 457 relin-

256 484 432 550 quitur.
491 483 621 531 Nam
658 483 867 532 virorum
900 482 1144 533 illustrium

256 559 406 607 omnis
431 558 498 607 est
522 559 648 624 regio
671 557 948 626 sepulcrum,
985 574 1144 625 neque

255 632 348 682 sola
367 635 609 699 cipporum
629 634 677 681 in
697 633 945 682 domestico
962 631 1145 700 inscrip-

257 709 324 756 tio
344 709 564 757 virtutem
584 723 745 756 eorum
769 707 979 756 testatur:
1004 706 1083 756 sed
1101 725 1146 757 e·

259 783 372 830 tiam
390 783 437 831 in
452 783 604 832 alieno
617 781 709 831 solo
724 789 762 821 29
774 783 993 832 memoria
1005 782 1148 832 nullis

255 856 470 906 mandata
495 857 686 924 scriptis,
719 858 860 923 magis
893 856 1015 931 apud
1046 858 1147 907 ani·

254 949 386 982 mum
412 932 648 999 cujusque,
680 950 819 1000 quarn
844 931 968 1000 apud
992 931 1144 1000 sepul-

255 1024 388 1057 crum
411 1009 705 1065 exstru&um,
727 1021 952 1074 perpetuo
973 1020 1143 1058 manet.

259 1082 400 1146 Qos
414 1083 492 1148 ipsi
505 1099 631 1131 nunc
643 1080 885 1130 imitandos
898 1082 1030 1131 vobis
1043 1100 1143 1149 pro·

256 1171 501 1223 ponentes,
524 1170 573 1206 et
595 1154 862 1206 felicitatem
885 1156 1143 1206 existiman·

257 1246 327 1279 tes
339 1232 713 1288 effelibertatem,
729 1231 1144 1281 etlibertatemess‘e

256 1306 394 1354 animi
410 1307 774 1371 generositatem,
790 1307 951 1356 bellica
966 1307 1142 1374 pericu·

258 1381 303 1430 la
334 1380 484 1429 subire
514 1398 574 1430 ne
606 1379 837 1431 recusetis.
876 1383 986 1431 Nec
1018 1383 1144 1432 enim

255 1456 468 1504 homines
505 1456 765 1512 calamitofi,
807 1457 976 1522 quibus
1015 1457 1143 1506 nulla

258 1531 367 1578 boni
394 1529 493 1596 spes
519 1529 655 1591 adest,
686 1530 828 1578 vitam
857 1532 1009 1598 potius
1034 1549 1142 1597 pro·

256 1602 453 1653 fundere
477 1603 664 1661 debent,
689 1622 827 1671 quam
847 1606 931 1663 illi,
951 1606 1139 1672 quibus,

256 1678 474 1728 fi'diutius
486 1681 660 1737 vivant,
683 1678 894 1729 fortunae
907 1698 966 1730 ex
980 1681 1141 1730 secun-

259 1753 316 1803 da
336 1754 383 1803 in
398 1753 629 1804 adversam
643 1753 892 1821 periculosa
908 1770 954 1804 et
966 1756 1163 1821 incerta3

258 1830 560 1883 commutatio
594 1830 658 1884 est
695 1829 1051 1897 extimescend23
1091 1843 1140 1881 et
