1248 2262
312 138 556 191 ORAT.
602 134 884 188 Fauna.
977 137 1047 211 69

158 259 215 296 us
226 243 342 292 haec
355 239 668 296 declaravere,
690 253 802 294 tunc
826 254 875 291 et
892 241 1046 297 ad7ilz

146 331 314 367 torum
336 315 645 369 laudationem
669 315 909 369 accedam:
944 331 1044 375 tum

147 391 285 458 quod
296 391 546 445 existimem
556 391 677 443 hane
685 392 938 446 orationem,
947 411 1044 449 non

145 466 422 522 ,indecoram
442 457 795 535 fore'institutae
810 467 919 521 huic
940 468 1041 523 lau-

159 540 347 598 dationi,
380 555 479 595 tum
509 541 647 595 etiam
673 540 801 607 quod
827 543 1042 597 univerlo

147 630 253 671 *tam
282 616 473 671 civium,
517 633 655 681 quam
692 618 1041 681 peregrinorum

147 691 311 746 coetui
337 689 600 739 conducere
615 689 841 754 judicem,
874 693 1040 749 harum

157 783 311 816 rerum
331 766 814 814 commemorationem
833 766 1009 821 audire.

224 841 340 893 -Nos
363 841 486 890 enim
508 858 562 888 ea
586 840 867 905 reipublicae
892 841 1040 893 admi-

154 916 415 971 nistratione
436 915 625 974 utimur,
640 912 767 980 quae
777 916 965 966 aliarum
979 919 1040 967 ci·

150 991 348 1045 vitatum
370 990 496 1055 leges
516 1007 608 1038 non
634 991 909 1047 aemulatur,
942 993 1037 1040 imo

152 1082 269 1115 vero
286 1065 459 1131 nosipsi
474 1064 707 1112 nonnullis
723 1066 872 1129 potius
886 1083 1038 1116 exem-

155 1140 232 1206 plo
246 1139 418 1195 summ,
431 1156 570 1205 quam
583 1139 695 1186 alios
707 1139 952 1191 imitamur.
975 1141 1038 1189 Et

153 1215 339 1269 nomine
368 1212 557 1280 quidem
582 1213 880 1262 Democratia
905 1233 1037 1264 voca-

117 1291 120 1295 '
156 1303 255 1350 tut-3
270 1286 288 1314 ⁸
300 1303 543 1356 propterca
554 1286 681 1354 quod
693 1306 786 1336 non
800 1288 855 1336 ad
871 1307 1037 1355 pauco·

152 1381 274 1420 rum,
298 1363 376 1412 sed
397 1363 456 1411 ad
476 1380 771 1411 communem
792 1364 1036 1414 utilitatem

152 1437 527 1494 administramus.
567 1439 745 1485 Omnes
765 1455 877 1486 vero
896 1456 956 1487 ex
974 1439 1035 1488 le-

99 1528 102 1531 '
148 1531 261 1579 gum
286 1509 559 1579 praescripto
580 1513 625 1559 in
650 1513 1036 1577 privatiscontro·

152 1588 303 1643 verfiis
323 1585 666 1649 fruunturjuris
685 1588 1034 1652 aequabilitate3
1094 1603 1107 1607 ’

148 1676 200 1710 ,εἰ
225 1679 307 1727 pro
329 1660 565 1724 dignitate,
587 1673 639 1708 ut
663 1661 856 1727 quisque
876 1662 1031 1728 aliqua

152 1737 198 1784 in
220 1753 269 1783 re
294 1736 494 1791 excellit,
519 1736 580 1781 ita
603 1737 758 1791 etiam,
785 1754 878 1783 non
904 1737 1031 1803 quod

147 1811 203 1864 fit
229 1828 288 1859 ex
317 1810 469 1877 aliqua
501 1810 670 1865 civium
702 1825 828 1877 parte
862 1813 1032 1877 potius,

529 1885 648 1950 7G3
