1248 2262
268 161 341 216 80
504 156 907 215 Pte-,luctas

265 267 332 317 rei
354 264 552 329 feliciter
570 265 799 332 gerendae
820 280 1036 317 eventum
1058 266 1150 335 spei

263 343 630 402 committentes;
666 341 712 390 id
754 359 867 390 vero
900 341 1027 409 quod
1054 345 1150 407 jam

264 418 556 473 cernebatur,
581 419 627 465 in
651 416 725 466 sua
745 417 944 483 ipsorum
963 419 1150 480 virtute,

263 492 450 559 ejusque
471 491 642 540 fiducia
671 491 936 558 ponendum
961 494 1150 542 censen·

262 581 333 615 tes
347 587 359 628 ;
382 582 521 633 atque
542 569 587 615 in
603 585 660 615 eo
680 566 774 634 ipso
788 568 994 633 pulcrius
1007 569 1151 616 existi·

260 656 441 690 mantes
461 643 507 689 in
526 642 655 690 hoste
671 642 975 708 propulsando
991 644 1068 691 vel
1081 644 1151 710 ip-

260 715 354 764 fim
379 730 574 765 mortem
599 716 746 774 obire,
773 734 911 784 quam
936 716 1149 766 cedendo

259 789 453 840 salutem
473 790 553 839 fibi
574 809 755 858 parere:
777 792 1027 840 verborum
1043 795 1149 858 qui·

262 865 369 915 dem
404 865 611 915 dedecus
646 867 875 924 vitarunt,.
906 884 1006 916 rem
1035 885 1149 917 vero

259 940 400 1007 ipssm
421 959 615 1010 corpore
639 942 952 1009 pertulerunt3
978 955 1024 991 et
1042 943 1149 992 bre·

258 1015 433 1065 viffimo
451 1018 670 1083 temporis
692 1016 852 1082 spatio,
870 1016 1148 1066 breviffima-

258 1107 354 1155 que
384 1089 599 1140 fortunae
628 1091 939 1148 inclinatione,
974 1092 1145 1142 summa

255 1167 411 1233 potius
429 1183 537 1215 cum
557 1166 718 1232 gloria,
744 1184 883 1233 quam
896 1182 1002 1216 curn
1019 1168 1158 1220 timo.

255 1255 308 1291 re
325 1240 388 1290 de
412 1242 505 1290 vita
523 1240 823 1292 decesserunt.

305 1315 505 1382 ²⁶Atque
515 1316 562 1364 hi
577 1315 948 1385 quidem‚qua1es
961 1334 1043 1367 eos
1054 1318 1143 1369 effe

254 1404 539 1457 oportuerat,
558 1391 673 1440 tales
691 1392 738 1440 in
759 1393 953 1458 patriam
977 1395 1142 1443 extite-

254 1478 376 1514 runt.
416 1465 650 1532 Reliquos
674 1483 786 1526 vero
807 1468 1021 1517 tutiorem
1044 1469 1141 1535 qui·

253 1538 361 1588 dem
381 1553 557 1606 optare,
578 1539 655 1589 sed
673 1557 965 1608 nequaquam
985 1545 1137 1592 minus

251 1614 475 1664 audacem
495 1616 543 1663 in
566 1615 716 1665 hostes
743 1618 946 1667 animum
966 1618 1138 1667 habere

250 1689 374 1738 velle
394 1703 600 1756 oportet:
626 1707 714 1740 nec
737 1692 946 1741 oratione
969 1692 1059 1741 sola
1079 1710 1141 1742 u·-⁴

249 1763 459 1813 tifitatem
492 1764 704 1832 speflare,
739 1784 879 1833 quam
901 1766 1027 1834 apud
1050 1784 1133 1817 vos

248 1856 404 1890 rerum
416 1857 509 1890 non
522 1841 676 1892 minus
687 1859 869 1908 gnaros,
892 1859 1031 1910 quam
1045 1859 1131 1908 ego
1167 1851 1170 1853 ’
