1248 2262
242 141 315 221 96
526 135 838 190 Pnsms.

239 258 473 304 curarent,
496 242 740 292 exhaustae
765 240 890 289 sunt:
912 240 1000 289 five
1022 240 1128 290 altes-

240 326 292 374 ri.
312 321 384 371 ad*
402 322 570 370 alteros
604 316 790 365 adissent
805 352 836 371 ,.
859 316 1129 377 interibantg

185 450 189 454 ,
239 399 490 467 praecipue
515 411 627 443 vero
651 393 729 458 qui
758 392 957 456 aliquam
985 392 1130 439 virtu·

239 476 298 523 tis
315 487 492 540 partem
510 470 584 518 fibi
601 466 920 535 vendicabant,
942 466 1132 532 ejusque

238 548 388 600 studio
412 545 704 596 tenebantur.
759 543 887 590 Nam
912 559 1021 608 prae
1046 558 1134 608 pu·

241 623 356 674 dore
380 623 458 670 fibi
480 622 581 687 ipsis
606 637 700 667 non
726 617 990 683 parcebant,
1020 615 1134 664 dum

239 700 290 748 in
309 698 564 746 amicorum
584 692 721 743 aedes
738 691 1134 756 ingrediebantur,

242 769 687 828 uteos-in’viseren-t'3
714 764 935 832 fiquidem
954 766 1134 832 velipfi

243 847 480 898 domestici
511 843 699 893 tandem
731 839 1136 890 lamentationibus

246 941 428 979 eorum,
441 921 523 989 qui
539 918 870 974 moriebantur,
885 914 1138 981 defatigati,

165 1034 169 1041 ι
243 1017 338 1048 non
348 998 545 1063 amplius
559 987 1135 1051 commovebantur‚⁵³mali

243 1073 461 1124 violentia
481 1068 696 1134 superati.
745 1066 823 1114 Illi
845 1078 1018 1122 tamen,
1053 1064 1134 1130 qui

243 1166 303 1197 ex
317 1145 473 1197 ,morbi
489 1142 728 1197 violent-ia,
748 1138 996 1205 mortisque
1019 1139 1136 1205 peri«

242 1222 352 1272 culo
373 1218 624 1271 evaserant,
646 1230 693 1263 et
713 1232 839 1270 eum,
861 1215 942 1281 qui
965 1215 1134 1262 morie-

243 1298 398 1351 batur,
421 1308 468 1343 et
483 1310 609 1347 eum,
631 1291 711 1357 qui
727 1289 972 1351 laborabat,
990 1289 1138 1354 magis

244 1370 595 1427 miserabantur;
610 1380 707 1414 tum
722 1363 848 1431 quod
860 1366 948 1413 hoc
961 1364 1140 1412 maluti»

243 1448 369 1514 prius
391 1443 568 1509 experti
588 1438 932 1504 cognoscerent,
960 1452 1058 1487 tum
1081 1455 1134 1486 e·

247 1516 512 1584 tiamquod
538 1515 616 1581 ipfi
643 1517 690 1562 in
724 1527 824 1561 tuto
848 1515 944 1577 jam
977 1511 1132 1561 essent.

246 1595 345 1646 Hic
366 1594 488 1642 enim
511 1589 699 1639 morbus
720 1586 918 1636 eundem
945 1587 1014 1635 bis
1038 1604 1139 1635 nonr

247 1667 541 1735 corripiebat,
570 1666 630 1712 ita
658 1677 709 1711 ut
731 1680 839 1711 eum
861 1662 994 1710 etiam
1016 1663 1139 1710 inte-

249 1746 449 1794 rimeret.
494 1740 554 1790 Et
570 1739 625 1787 ab
640 1739 737 1786 aliis
753 1738 873 1785 beati
889 1734 1135 1785 censebam-2

249 1817 536 1889 tunsip'fique
557 1827 742 1882 propter
766 1811 1047 1881 praesentem
1066 1809 1136 1860 sa-
