1248 2262
246 148 322 232 90
524 140 856 205 Pffsrxsg

247 263 340 323 bis;
361 255 488 326 quod
509 257 538 305 fi
558 258 661 323 quis
681 270 728 306 et
747 269 854 306 ante
872 255 1026 323 aliquo
1044 256 1135 306 alio

249 336 414 386 morbo
439 333 693 389 laborabat,
730 348 891 380 ornnes
915 332 964 380 hi
989 331 1136 380 morbi

249 413 299 463 in
318 412 454 461 istum
472 408 877 471 convertebantur.
918 405 1051 455 Alios
1065 422 1140 456 ve·

252 505 305 537 ro
319 505 378 536 ex
398 485 523 535 nulla
544 498 669 532 certa
690 481 1017 547 manifestaque
1038 497 1142 528 cau·

253 561 298 611 sa
313 575 578 629 apparente,
595 557 670 606 sed
685 575 743 607 ex
756 555 1018 624 improvise,
1032 572 1141 604 cum

252 636 347 686 sani
371 636 542 690 forent,
576 635 774 699 primurn
799 630 990 698 quidem
1013 646 1144 678 acres

255 712 418 778 capitis
437 708 658 769 fervores,
680 721 728 756 et
746 705 988 754 oculorum
1010 705 1144 754 rubo-

258 803 351 843 res,
372 799 420 835 et
439 783 734 833 inflammatio
757 779 1049 846 corripiebat.
1082 779 1147 827 Et

258 861 494 916 interiora,
515 871 694 924 guttur,
714 858 919 922 inquam,
935 868 982 903 et
993 855 1150 919 lingua

261 937 483 987 continuo
493 930 879 993 cruenta⁴³erant3
901 943 948 979 et
958 929 1151 978 halitum.

261 1026 454 1066 tetrum,
501 1023 549 1057 et
585 1006 931 1073 graveolentem
971 1005 1153 1052 emitte-

263 1087 391 1136 bant.
431 1082 619 1131 Deinde
640 1098 750 1131 vero
770 1097 830 1129 ex
847 1079 918 1128 his
937 1078 1153 1126 sternuta-

267 1163 350 1218 tio,
363 1173 409 1208 et
421 1158 616 1208 raucitas
629 1155 924 1223 sequebatur:
940 1170 1026 1202 nec
1041 1151 1157 1207 mul-

269 1250 319 1285 to
349 1235 447 1301 post
477 1233 553 1280 hic
585 1231 717 1280 dolor
749 1247 858 1279 cum
889 1227 1156 1279 vehementi

271 1308 373 1359 tuffi
388 1309 434 1357 in
449 1309 604 1374 pectus
618 1304 938 1354 descendebat.
969 1303 1069 1352 Ubi
1085 1319 1159 1351 ve»

273 1403 327 1435 ro
340 1386 387 1433 in
400 1382 541 1431 corde
553 1380 774 1437 haeserat,
786 1396 894 1428 curn
907 1376 1053 1445 ipsum
1065 1375 1161 1424 sub·

275 1458 504 1513 vertebat,
524 1471 626 1505 tum
650 1457 785 1503 etiam
811 1470 971 1502 omnes
991 1452 1094 1500 bilis
1114 1467 1163 1499 e-

269 1535 511 1600 jeffiones,
530 1541 762 1596 quotquot
775 1546 800 1575 a
814 1526 1003 1575 medicis
1017 1525 1166 1585 nomi<

243 1609 247 1616 ⁴
281 1622 414 1660 natae
447 1606 568 1662 sunt,
605 1603 927 1670 sequebantur,
967 1615 1014 1650 et
1048 1598 1167 1666 ipsae

285 1701 394 1734 cum
425 1681 599 1747 ingenti
629 1680 852 1732 cruciatu.
911 1672 1166 1740 Singultus-

257 1813 260 1816 ‚
289 1775 383 1825 que
398 1752 894 1824 plerisque⁴⁴incidebat
907 1751 1068 1806 inanis,
1090 1764 1171 1797 ve·-

290 1835 557 1906 hementem
589 1829 786 1886 afferens
812 1826 1171 1885 convulfionem,
