1248 2262
264 146 337 218 84
504 134 980 200 Pmmms*

250 249 394 300 -dolor
423 250 670 315 contingit,
684 259 840 316 vquum
873 251 977 316 quis
992 251 1145 313 :bonisg

250 344 378 393 quae
401 342 640 392 nunquam
663 326 728 373 est
747 325 982 392 expertus,
1003 328 1039 358 ³²
1061 328 1146 392 pri·

259 414 418 451 vatur:
443 399 519 449 sed
539 417 687 465 quum
708 401 812 466 quis
832 417 889 448 eo
903 398 1031 448 bono
1046 399 1145 466 spo-

255 477 411 532 liatur,
435 493 530 542 quo
556 472 648 523 frui
673 475 989 524 consueverat.
1032 475 1144 524 Hoc

250 564 413 600 ‚tamen
436 549 514 617 spe
542 549 738 599 aliorum
763 568 954 617 quoque
977 549 1144 599 libero·

251 630 361 675 *rut'n
375 623 665 674 tolerandum
682 626 748 672 est
759 626 866 681 illis,
882 625 962 690 qui
978 643 1059 691 per
1074 643 1144 674 ae

258 713 401 748 tatem
428 700 598 748 liberos
624 698 776 747 adhue
802 698 1022 766 suscipere
1043 699 1144 766 ‚pos

253 774 370 823 sunt.
412 775 539 821 Nam
561 772 716 822 futura
736 773 912 822 soboles
933 789 979 822 et
998 776 1142 842 priva-

256 850 340 897 tim
366 847 687 897 defunfwrum
721 848 1000 906 oblivjonem
1027 867 1144 898 non-

250 924 396 973 nullis
415 922 602 985 afferet;
628 937 676 972 et
696 924 976 990 reipublicae
996 924 1144 974 bifari-

250 1017 328 1048 vam
340 998 564 1065 proderit,
587 1013 684 1047 tum
707 1000 814 1064 quia
834 998 893 1047 ad
913 1000 1037 1048 urbis
1058 998 1143 1049 fre·

254 1075 508 1140 quentiam,
544 1090 603 1121 ne
634 1072 808 1126 deserta
833 1073 1140 1140 relinquatur,

255 1161 355 1196 turn
379 1149 517 1196 etiam
538 1147 644 1212 quia
668 1146 724 1195 ad
749 1148 844 1210 ejtls
869 1148 1140 1214 praesidium

254 1222 479 1271 conferet.
504 1222 627 1270 Fieri
644 1223 766 1269 enim
782 1239 873 1270 non
889 1224 1053 1289 potest,
1068 1237 1137 1280 ut,

253 1299 334 1363 qui
359 1298 529 1345 liberos
564 1313 657 1344 non
684 1297 876 1352 habent,
912 1315 1028 1364 quos
1056 1316 1139 1364 pro

253 1373 398 1438 patr-ia
412 1378 446 1407 3³
463 1372 678 1438 periculis
697 1371 926 1436 objiciant,
949 1373 1140 1438 perinde

252 1461 393 1512 atque
419 1447 485 1512 ist}
513 1446 742 1502 fecerunt,
778 1447 1026 1512 quicquam
1050 1447 1138 1512 jus·

201 1527 205 1531 '
253 1535 353 1570 turn
367 1534 445 1569 aut
458 1521 701 1586 aequabile
714 1521 760 1567 in
774 1538 1019 1570 commune
1032 1539 1137 1571 eon-

251 1595 412 1644 sulant.
468 1595 721 1662 Qotquot
743 1613 854 1644 vero
877 1610 1025 1645 aetate
1037 1598 1134 1660 jam

250 1671 464 1736 provesta
497 1671 617 1726 estis,
651 1672 789 1719 vitam
819 1673 979 1727 aftam,
1013 1690 1132 1736 quae

250 1743 337 1793 fuit
351 1744 546 1813 Longior,
562 1746 667 1793 etin
683 1763 772 1810 qua
788 1745 1014 1802 floruistis,
1028 1746 1132 1795 loco

249 1819 368 1870 lucri
397 1817 576 1883 ducit-33
608 1834 654 1870 et
686 1820 908 1887 reliquam
941 1821 1131 1891 brevem
