1248 2262
266 189 346 246 92
548 169 867 226 PESTIS.

263 277 404 327 ciatui
419 278 660 329 resistebat.
687 279 856 347 Itaque
869 278 1100 348 plerique'
1088 300 1151 332 m-

264 359 334 402 tra
354 363 547 412 nonum,
565 369 644 405 aut
664 358 802 405 etiam
821 355 1063 422 septimum
1081 357 1150 407 di-

263 446 353 488 em,
377 444 566 497 propter
589 431 823 481 internum
846 431 1092 480 ardorem
1081 451 1150 482 m·

260 503 480 562 teribant,
494 505 668 572 aliquid
689 507 855 556 virium
877 505 1029 556 adhuc
1050 509 1153 558 reti·

261 593 443 636 nentes,
465 595 562 638 aut,
583 581 631 638 fi,
652 582 742 631 hoc
762 584 982 648 temporis
999 583 1150 650 spacio

258 656 526 720 praeterito,
539 669 736 704 mortem
750 658 979 719 vitassen13
995 673 1150 708 tamen
1228 683 1235 688 ·

259 729 370 794 quia
391 730 579 779 morbus
593 732 641 779 in
655 746 867 781 ventrem
884 730 1150 783 inferiorem

260 802 583 863 descendebat,
614 819 662 873 et
690 806 976 856 exulceratio
1006 809 1150 857 vehe-

257 896 391 930 mens
413 880 461 928 in
485 879 581 947 ipso
602 880 889 940 nascebatur,
913 883 1042 932 simul
1063 884 1149 932 eti·

257 971 332 1002 am
355 956 461 1021 quia
485 955 840 1007 immoderatum
862 958 954 1007 alvi
974 958 1148 1024 proflu-

255 1029 386 1078 vium
407 1044 617 1095 aegrotos
639 1031 904 1092 invadebat,
926 1033 1148 1099 ⁴plerique

253 1103 411 1169 postea
443 1118 632 1170 propter
664 1103 950 1155 debilitatem
984 1107 1147 1157 interi-

254 1177 382 1227 bant.
424 1178 626 1229 Morbus
647 1181 787 1238 enim,
808 1182 890 1249 qui
908 1182 1078 1248 primas
1096 1183 1146 1235 in

254 1254 406 1317 eapite
420 1251 548 1302 sedes
562 1255 829 1314 collocarat,
847 1254 885 1283 ⁴⁷
895 1272 980 1323 per
995 1271 1145 1308 totum

253 1343 454 1393 corpus,
498 1329 631 1380 initio
664 1347 689 1379 a
722 1330 908 1381 summis
936 1332 1145 1398 partibus

253 1400 408 1458 dueto,
442 1403 738 1469 pervadebat.
789 1405 852 1454 Et
884 1405 914 1453 fi
945 1408 1052 1472 quis
1085 1424 1144 1458 ex

251 1477 461 1526 maximis
480 1479 570 1526 illis
589 1480 806 1544 periculis
827 1480 1043 1537 evasisset,
1067 1498 1143 1530 ex—

252 1564 427 1601 tremae
442 1565 597 1602 tamen
609 1555 814 1620 corporis
826 1569 996 1620 parteS,
1018 1573 1139 1623 quae

250 1639 412 1693 captae
432 1627 672 1695 laesaeque
693 1630 1008 1687 remanebant,
1028 1648 1138 1681 eum

250 1701 340 1750 hoc
385 1703 548 1753 morbo
585 1703 802 1755 laborasse
841 1705 1135 1757 testabantur.

250 1776 380 1826 Nam
403 1778 450 1826 in
482 1777 573 1844 ipsa
599 1797 788 1846 quoque
815 1779 1048 1847 pudenda,
1086 1795 1134 1830 et

251 1851 299 1903 in
317 1850 513 1905 summas
535 1872 716 1914 manus,
741 1854 1027 1923 summosque
1054 1873 1134 1923 pe-
