1248 2262
305 142 547 198 ORAT.
587 141 864 197 Funnn.
958 143 1030 211 65

142 247 398 302 discedunt.
440 251 555 302 Hoc
573 253 716 318 igitur
734 252 875 303 modo
886 252 1032 305 Athe-

142 325 322 375 nienses
347 327 532 377 suorum
563 328 612 376 in
645 328 770 377 bello
793 329 1032 382 caesorum

142 407 337 467 c'orpora
374 402 616 469 sepeliunt.
685 403 750 452 Et
782 416 882 454 toto
917 405 1030 456 belli

142 489 369 543 tempore,
402 480 584 544 quoties
608 477 698 526 hoe
722 478 823 545 ipsis
845 479 1030 529 accide-

142 550 239 607 bat,
264 553 355 600 hoc
379 554 469 605 ritu
499 553 762 602 utebantur.
822 553 1029 605 Pericles

139 624 295 675 mitem
316 628 571 695 Xanthippi
590 627 713 676 filius
732 625 791 675 ad
814 629 917 685 hos,
941 632 1026 696 q1s1

139 701 271 765 primi
287 715 397 751 tunc
417 703 649 758 obierunt,
669 704 875 752 oratione
894 702 1027 753 fune-

139 774 210 823 bri
237 776 596 825 cohonestandos
628 776 831 826 delestus
856 779 943 827 est:
976 794 1027 828 et

135 850 376 916 postquam
396 865 579 918 tempus
600 853 813 918 permisit,
834 872 860 901 a
880 852 1027 920 sepul·

133 940 214 971 cro
227 926 274 972 in
290 924 564 991 suggestum,
585 925 713 992 quod
726 929 956 977 excelsum
969 946 1020 978 e·
1067 984 1076 997 Ι

133 1012 216 1054 rat,
242 1012 294 1048 ut
306 1016 446 1066 quam
456 1001 709 1066 longiffime
725 1019 808 1068 per
818 1004 1022 1053 circum-

131 1073 324 1122 stantem
336 1076 575 1123 hominum
591 1076 933 1126 multitudinem
946 1095 1022 1126 ex-

131 1147 388 1206 audiretur,
422 1151 696 1216 progressus,
731 1151 844 1200 haec
877 1153 1020 1201 verba

130 1219 297 1271 fecit.'’

206 1371 412 1421 MUL'r1
434 1373 623 1439 quidem
648 1392 828 1432 eorum,
853 1377 933 1443 qui
955 1395 1016 1426 ex

127 1447 218 1494 hoc
242 1447 345 1495 loco
370 1448 510 1496 verba
527 1450 623 1512 jam
646 1447 876 1507 fecerunt,
902 1469 1013 1501 eum

126 1520 331 1577 laudant,·
357 1524 438 1587 qui
462 1524 580 1570 hanc
604 1526 858 1573 orationem
877 1525 1013 1575 fune-

126 1596 256 1643 brem
275 1596 383 1661 legi,
407 1598 647 1663 veterique
666 1600 870 1648 instituto
888 1599 1014 1650 addi-

125 1669 217 1729 dit;
238 1686 478 1736 propterea
499 1672 626 1737 quod
645 1691 745 1722 eam
759 1673 818 1722 de
835 1676 905 1734 iis,
925 1676 1010 1741 qui

64 1774 70 1781 »
124 1745 172 1792 in
185 1746 367 1810 proeliis
378 1745 599 1796 interfeffi
615 1747 924 1815 sepelirentur,
935 1751 1009 1798 ha·

125 1818 222 1868 beri
236 1821 521 1887 praeclarum
536 1823 658 1944 eget.
684 1824 808 1873 Mihi
822 1842 935 1874 vero
949 1825 1006 1873 sa·
