1248 2262
264 179 338 234 74
504 162 899 217 PER1CL1S

261 270 382 318 vitiis
407 271 454 317 in
477 287 631 319 rerum
657 268 961 336 gerendarum
981 287 1139 337 oppor-

261 346 454 394 tunitate
483 347 632 411 potius
655 347 842 401 utimur,
870 363 1009 412 quam
1030 345 1088 393 ad
1112 348 1142 394 i·

260 437 423 468 nanem
454 422 697 470 verborum
712 422 1028 485 jackationcnu
1060 438 1144 469 ne-

259 513 352 560 que
363 510 499 562 turpe
514 498 618 562 cuiq
629 514 732 544 uam
742 496 805 544 est
817 496 938 544 suam
952 513 1141 562 pauper-

258 584 397 618 tatem
418 569 571 618 fateri:
593 569 667 618 sed
688 585 821 637 turpe
843 572 1042 626 est,‘non
1061 587 1141 625 co-

258 646 469 692 naricam
486 645 637 710 reipsa
655 647 811 693 vitare.
847 646 907 692 Et
921 647 966 692 in
982 644 1138 693 iisdem

257 719 519 767 hominibus
545 720 671 767 fimul
700 734 745 767 et
770 721 1065 786 privatarum,
1093 734 1139 767 et

257 794 547 859 publicarum
561 812 717 842 rerum
731 811 840 842 cura
855 795 989 854 inest;
1005 795 1142 859 quin-

256 870 392 916 etiam
413 870 528 925 aliis,
555 861 586 887 ¹⁶
600 870 679 936 qui
701 868 893 936 opificiis
907 869 1015 917 dant
1027 887 1139 935 ope·

256 961 368 998 ram,
394 945 482 992 hoc
504 942 644 1001 adest,
678 958 729 992 ut
757 944 1034 1011 reipublicae
1060 943 1139 992 ad-

254 1018 570 1066 ministrandae
585 1036 675 1066 non
691 1019 857 1074 minus,
879 1036 1018 1085 quam
1032 1036 1137 1067 cae-

255 1093 359 1148 teri,
378 1093 457 1140 sint
472 1094 622 1158 periti.
661 1093 766 1140 Nos
782 1094 903 1142 enim
918 1092 997 1142 soli
1011 1110 1134 1149 eum,

253 1167 332 1232 qui
349 1185 500 1216 rerum
515 1158 699 1215 istarnm
715 1168 886 1216 nullam
903 1168 1039 1217 habet
1053 1185 1136 1217 no·-

253 1242 412 1297 titiam‚
449 1259 540 1290 non
579 1241 784 1303 otiosum,
818 1242 893 1292 sed
925 1243 1135 1292 inutilem

250 1316 337 1364 effe
352 1315 578 1365 ducimus,
611 1315 760 1365 Iidem
776 1319 912 1366 etiam
928 1335 998 1367 res
1015 1321 1134 1366 recte

239 1389 519 1454 judicamus,
560 1405 606 1439 et
639 1392 790 1440 animo
821 1393 1131 1459 concipimus:

247 1482 342 1512 non
376 1467 680 1518 existimantes
710 1469 962 1515 orationem
997 1467 1132 1516 rebus

248 1557 440 1598 nocere;
460 1539 532 1588 sed
551 1541 701 1607 potius
715 1542 919 1590 oratione
937 1559 1028 1590 non
1043 1543 1132 1607 pri·-

247 1631 301 1662 us
322 1613 494 1671 doceri,
516 1632 654 1681 quam
676 1615 731 1664 ad
753 1633 842 1672 res,
875 1633 995 1682 quae
1028 1615 1129 1665 sunt

246 1688 493 1754 gerendae,
509 1689 819 1755 exsequendas
833 1689 1040 1746 accedas,
1055 1690 1129 1740 dc-

246 1764 462 1812 trimento
488 1765 574 1813 esse
598 1764 836 1815 ducentes,
889 1767 1015 1815 Nam
1038 1766 1126 1814 hoc

243 1855 431 1906 quoque
456 1856 563 1906 prae
586 1841 777 1889 caeteris
803 1841 1022 1890 eximium
1046 1840 1126 1888 ha-
