1248 2262
251 171 318 224 68
486 169 891 226 Pmmms

245 278 444 343 perium,
470 293 695 343 quantum
710 280 797 327 hoc
812 280 895 335 est,
915 279 1039 345 quod
1057 282 1132 329 ob-

246 353 465 410 tinemus,
487 353 837 420 acquifiviffent‚
860 354 907 402 id
927 371 1019 403 non
1042 356 1131 405 fine

244 426 402 476 labore
423 428 573 485 nobis,
595 431 673 495 qui
696 430 798 476 heic
814 429 986 486 sumuS,
1009 447 1134 496 prae-

245 517 371 551 terea
398 504 702 569 reliquerunt.
740 504 993 569 *Majorem
1020 523 1134 560 vero

245 578 381 641 hujus
396 579 576 644 imperii
590 593 765 644 partem
782 597 868 628 nos
881 580 976 646 ipfi,
1002 597 1133 647 prae·

245 651 398 699 sertim
433 654 513 718 qui
545 650 670 701 nunc
699 654 854 702 sumus
884 656 1060 719 integra
1085 670 1133 703 et

243 734 423 774 matuia
450 741 617 784 aetate,
652 730 1028 794 propagavimus'5
1061 749 1132 779 ur·

243 801 452 868 bemque
474 802 612 850 rebus
633 803 863 860 omnibus,
890 817 936 852 et
956 801 1014 851 ad
1034 804 1132 855 bel-

242 876 360 932 lum,
376 890 422 924 et
438 877 493 926 ad
508 895 670 943 pacem
684 882 702 908 ⁶
719 879 1054 944 pertinentibus
1068 880 1132 928 in·

242 951 585 1009 struffiffimam,
611 970 662 1001 ac
689 953 1006 1002 ornatiffimam
1034 953 1132 1003 red·

241 1025 456 1075 didimus.
499 1028 718 1093 Qorum
748 1029 970 1092 majorum
997 1046 1130 1094 prae-

164 1127 182 1143 ·
235 1101 363 1151 *clara
391 1100 606 1150 facinora·
623 1104 670 1149 in
696 1102 829 1151 bellis
855 1102 993 1158 edita,
1035 1105 1129 1169 qui·

239 1175 327 1224 hus
352 1177 467 1224 haec
499 1178 652 1224 omnia
677 1175 778 1225 sunt
812 1191 956 1243 parta,
993 1192 1073 1225 aut
1099 1179 1129 1226 fi

240 1249 352 1315 quid
370 1268 452 1298 nos
472 1252 568 1317 ipsi,
590 1266 669 1299 aut
690 1266 839 1318 patres
861 1253 1015 1312 nostri,
1037 1252 1128 1302 bel-

238 1325 338 1373 lum
363 1344 388 1373 a
413 1326 631 1388 barbaris,
659 1341 739 1374 aut
764 1345 788 1374 a
811 1327 1006 1375 Graecis
1027 1328 1125 1374 illa·

201 1418 204 1420 ’
238 1413 337 1447 tum
354 1400 564 1449 alacriter
584 1402 898 1468 propulsantes
913 1400 1125 1459 fecimus,

238 1475 347 1540 q'uia
368 1473 491 1541 apud
515 1483 597 1523 vds
622 1493 776 1526 rerum
801 1493 966 1542 gnaros
990 1477 1127 1541 proli-

236 1550 367 1597 xiore
391 1551 598 1598 oratione
618 1551 684 1599 uti
705 1551 833 1607 nolo,
856 1551 970 1598 haee
996 1552 1124 1599 omit-

236 1637 344 1672 tam.
368 1655 371 1658 -
391 1624 483 1674 Sed
503 1625 672 1691 quibus
692 1625 847 1674 studiis
862 1624 918 1674 ad
933 1627 1022 1673 hoc
1043 1626 1124 1673 im⁴

234 1699 416 1765 perium
441 1702 809 1766 pervenerimus,
843 1714 891 1748 et
917 1717 1014 1767 quo
1041 1701 1126 1749 rei·

210 1766 447 1839 ³²publicae
495 1774 871 1824 administrandae
917 1792 1120 1841 genere,

234 1865 385 1914 quave
399 1848 630 1919 disciplina
645 1852 691 1899 fit
708 1853 908 1907 austum,
934 1851 1011 1899 ubi
1028 1851 1119 1917 pri-

240 1976 276 2033 Ἀ.
