1248 2262
263 141 334 212 78
432 173 437 181 -
501 132 894 193 ΡΕΚῙα»Ῑ.·-ιε

262 262 407 314 quum
427 242 670 301 ducerent,
690 241 870 293 fortiter
889 246 1143 311 pugnantes

260 321 601 380 occubuerunt3
625 334 670 368 et
690 320 946 384 quemlibet
965 337 1142 376 eorum,

261 398 341 464 qui
363 396 464 445 sunt
484 396 669 461 reliqui,
691 392 728 414 ²²
749 413 832 462 pro
852 395 945 461 ipsa
965 394 1150 445 labores

260 473 397 520 alacri
420 473 572 519 animo
596 470 743 518 subire
767 470 920 519 decet.

340 546 657 610 Quamobrem
673 546 808 593 etiam
822 546 1075 593 orationem
1086 543 1145 592 de

261 622 494 688 republica
509 621 691 686 longius
705 619 922 686 produxi,
943 633 995 669 ut
1007 618 1146 667 doce-

263 715 360 746 rem
376 712 468 744 non
489 694 547 744 de
571 713 619 744 re
642 697 737 762 pari
759 694 890 759 nobis
910 699 1145 759 certamen

260 773 348 821 effe
369 785 415 819 et
435 771 548 828 aliis,
573 772 653 837 qui
674 770 788 818 nihil
811 771 976 818 horum
997 786 1147 835 aeque

258 848 454 896 habent:
487 846 616 894 simul
641 847 796 901 etiam,
821 859 873 894 ut
895 845 1028 910 {ignis
1051 836 1147 892 ma}-

259 921 430 971 nifestis
458 921 814 969 demonstrarem
845 919 1029 968 laudem
1066 937 1147 968 eo—

259 1015 382 1054 rum,
414 1014 530 1062 quos
555 998 759 1044 oratione
782 993 1145 1043 cohonestandos
1195 1005 1199 1009 '

260 1073 370 1121 mihi
382 1073 476 1136 jam
497 1071 733 1137 prop-osui3
766 1087 1031 1136 quanquam
1057 1086 1145 1117 ma-

258 1148 381 1196 xima
418 1163 521 1213 pars
555 1146 690 1212 ipsius
719 1144 994 1194 laudationis
1020 1162 1043 1191 a
1069 1161 1144 1192 me

249 1224 344 1287 jam
368 1222 432 1269 est
455 1221 695 1286 explicata.
755 1220 884 1267 Nam
907 1220 951 1266 in
975 1218 1144 1285 quibus

258 1297 420 1344 urbem
438 1294 638 1351 laudavi,
658 1296 713 1342 -iis
733 1295 897 1342 horum
914 1293 1142 1340 similium-

259 1389 352 1438 que
366 1372 560 1419 virtutes
574 1370 697 1418 illam
719 1383 954 1417 ornarunt.
1000 1363 1144 1416 2³Ne-

260 1463 352 1513 que
366 1445 487 1511 apud
503 1445 672 1492 multos
691 1445 979 1491 Graecorum
994 1442 1142 1503 facile,

261 1535 313 1570 ut
333 1519 454 1586 apud
475 1521 576 1575 hos,
602 1518 714 1566 dieta
740 1516 864 1566 safris
889 1532 1141 1583 exaequata

260 1609 521 1662 appareant.
567 1594 694 1641 Nam
723 1592 932 1658 praesens
956 1593 1143 1640 istoru-m

263 1687 386 1719 mors
422 1670 639 1718 virtutem
675 1666 1024 1733 uniuscujusque
1055 1667 1142 1715 viri

263 1745 513 1803 declarare,
528 1757 573 1792 et
588 1743 732 1809 prima
747 1741 966 1797 indicare,
985 1756 1030 1789 et
1042 1741 1143 1807 -pos-

266 1817 694 1868 tremaconfirmare
710 1818 820 1866 mihi
840 1815 1035 1866 videtur,
1070 1816 1145 1864 Etr

1218 0 1248 83 «ize.
